@inproceedings{alzugaray2018ace,
  title={ACE: An efficient asynchronous corner tracker for event cameras},
  author={Alzugaray, Ignacio and Chli, Margarita},
  booktitle={2018 International Conference on 3D Vision (3DV)},
  pages={653--661},
  year={2018},
  organization={IEEE}
}
@inproceedings{legoloam2018,
	title={LeGO-LOAM: Lightweight and Ground-Optimized Lidar Odometry and Mapping on Variable Terrain},
	author={Tixiao Shan and Brendan Englot},
	booktitle={IEEE/RSJ International Conference on Intelligent Robots and Systems (IROS)},
	pages={4758-4765},
	year={2018},
	organization={IEEE}
}
@inproceedings{alismail2014continuous,
	title={Continuous trajectory estimation for 3D SLAM from actuated lidar},
	author={Alismail, Hatem and Baker, L Douglas and Browning, Brett},
	booktitle={2014 IEEE International Conference on Robotics and Automation (ICRA)},
	pages={6096--6101},
	year={2014},
	organization={IEEE}
}

@article { ncarlevaris-2015a,
	AUTHOR = { Nicholas Carlevaris-Bianco and Arash K. Ushani and Ryan M. Eustice },
	TITLE = { University of {Michigan} {North} {Campus} long-term vision and lidar dataset },
	JOURNAL = { International Journal of Robotics Research },
	YEAR = { 2015 },
	VOLUME = { 35 },
	NUMBER = { 9 },
	PAGES = { 1023--1035 },
}

@article{8293689,
	author={Y. {Choi} and N. {Kim} and S. {Hwang} and K. {Park} and J. S. {Yoon} and K. {An} and I. S. {Kweon}},
	journal=IEEE_J_ITS,
	title={{KAIST} Multi-Spectral Day/Night Data Set for Autonomous and Assisted Driving},
	year={2018},
	volume={19},
	number={3},
	pages={934-948},
}
@article{engel2016photometrically,
	title={A photometrically calibrated benchmark for monocular visual odometry},
	author={Engel, Jakob and Usenko, Vladyslav and Cremers, Daniel},
	journal={arXiv preprint arXiv:1607.02555},
	year={2016}
}
@inproceedings{Cordts2016Cityscapes,
	title={The Cityscapes Dataset for Semantic Urban Scene Understanding},
	author={Cordts, Marius and Omran, Mohamed and Ramos, Sebastian and Rehfeld, Timo and Enzweiler, Markus and Benenson, Rodrigo and Franke, Uwe and Roth, Stefan and Schiele, Bernt},
	pages={3213--3223},
	booktitle=C-CVPR,
	year={2016}
}

@inproceedings {jjeong-2019-ijrr,
	AUTHOR = { Jinyong Jeong and Younggun Cho and Young-Sik Shin and Hyunchul Roh and Ayoung Kim },
	TITLE = {Complex Urban Dataset with Multi-level Sensors from Highly Diverse Urban Environments},
	BOOKTITLE = {The International Journal of Robotics Research},
	YEAR = { 2019 }
}

@article{Geiger2013IJRR,
	author = {Andreas Geiger and Philip Lenz and Christoph Stiller and Raquel Urtasun},
	title = {Vision meets Robotics: The KITTI Dataset},
	journal = J-IJRR,
	year = {2013}
}


@article{zhu2018multivehicle,
	title={The multivehicle stereo event camera dataset: An event camera dataset for 3D perception},
	author={Zhu, Alex Zihao and Thakur, Dinesh and {\"O}zaslan, Tolga and Pfrommer, Bernd and Kumar, Vijay and Daniilidis, Kostas},
	journal={IEEE Robotics and Automation Letters},
	volume={3},
	number={3},
	pages={2032--2039},
	year={2018},
	publisher={IEEE}
}

@inproceedings{besl1992method,
	title={Method for registration of 3-D shapes},
	author={Besl, Paul J and McKay, Neil D},
	booktitle={Sensor fusion IV: control paradigms and data structures},
	volume={1611},
	pages={586--606},
	year={1992},
	organization={International Society for Optics and Photonics}
}
@inproceedings{alismail2014continuous,
	title={Continuous trajectory estimation for 3D SLAM from actuated lidar},
	author={Alismail, Hatem and Baker, L Douglas and Browning, Brett},
	booktitle={2014 IEEE International Conference on Robotics and Automation (ICRA)},
	pages={6096--6101},
	year={2014},
	organization={IEEE}
}

@inproceedings{calonder2010brief,
	title={Brief: Binary robust independent elementary features},
	author={Calonder, Michael and Lepetit, Vincent and Strecha, Christoph and Fua, Pascal},
	booktitle={European conference on computer vision},
	pages={778--792},
	year={2010},
	organization={Springer}
}
@inproceedings{triggs1999bundle,
	title={Bundle adjustment—a modern synthesis},
	author={Triggs, Bill and McLauchlan, Philip F and Hartley, Richard I and Fitzgibbon, Andrew W},
	booktitle={International workshop on vision algorithms},
	pages={298--372},
	year={1999},
	organization={Springer}
}
@inproceedings{weikersdorfer2012event,
	title={Event-based particle filtering for robot self-localization},
	author={Weikersdorfer, David and Conradt, J{\"o}rg},
	booktitle={Robotics and Biomimetics (ROBIO)},
	pages={866--870},
	year={2012},
	organization={IEEE}
}
@inproceedings{weikersdorfer2013simultaneous,
	title={Simultaneous localization and mapping for event-based vision systems},
	author={Weikersdorfer, David and Hoffmann, Raoul and Conradt, J{\"o}rg},
	booktitle={International Conference on Computer Vision Systems},
	pages={133--142},
	year={2013},
	organization={Springer}
}
@article{kim2008simultaneous,
	title={Simultaneous mosaicing and tracking with an event camera},
	author={Kim, Hanme and Handa, Ankur and Benosman, Ryad and Ieng, Sio-Hoi and Davison, Andrew J},
	year={2008}
}
@inproceedings{kim2016real,
	title={Real-time 3D reconstruction and 6-DoF tracking with an event camera},
	author={Kim, Hanme and Leutenegger, Stefan and Davison, Andrew J},
	booktitle={ECCV},
	pages={349--364},
	year={2016},
	organization={Springer}
}
@inproceedings{kueng2016low,
	title={Low-latency visual odometry using event-based feature tracks},
	author={Kueng, Beat and Mueggler, Elias and Gallego, Guillermo and Scaramuzza, Davide},
	booktitle={Intelligent Robots and Systems (IROS), 2016 IEEE/RSJ International Conference on},
	pages={16--23},
	year={2016},
	organization={IEEE}
}
@article{adelson1985spatiotemporal,
	title={Spatiotemporal energy models for the perception of motion},
	author={Adelson, Edward H and Bergen, James R},
	journal={Josa a},
	volume={2},
	number={2},
	pages={284--299},
	year={1985},
	publisher={Optical Society of America}
}
@inproceedings{mueggler2015lifetime,
	title={Lifetime estimation of events from dynamic vision sensors},
	author={Mueggler, Elias and Forster, Christian and Baumli, Nathan and Gallego, Guillermo and Scaramuzza, Davide},
	booktitle={Robotics and Automation (ICRA), 2015 IEEE International Conference on},
	pages={4874--4881},
	year={2015},
	organization={IEEE}
}
@article{ieng2018neuromorphic,
	title={Neuromorphic Event-Based Generalized Time-Based Stereovision},
	author={Ieng, Sio Hoi and Carneiro, Joao and Osswald, Marc and Benosman, Ryad Benjamin},
	journal={Frontiers in neuroscience},
	volume={12},
	pages={442},
	year={2018},
	publisher={Frontiers}
}
@article{gallego2017accurate,
	title={Accurate angular velocity estimation with an event camera},
	author={Gallego, Guillermo and Scaramuzza, Davide},
	journal={IEEE Robotics and Automation Letters},
	volume={2},
	number={2},
	pages={632--639},
	year={2017},
	publisher={IEEE}
}
@inproceedings{rebecq2017real,
	title={Real-time visual-inertial odometry for event cameras using keyframe-based nonlinear optimization},
	author={Rebecq, Henri and Horstschaefer, Timo and Scaramuzza, Davide},
	booktitle={British Machine Vis. Conf.(BMVC)},
	volume={3},
	year={2017}
}
@article{mueggler2018continuous,
	title={Continuous-Time Visual-Inertial Odometry for Event Cameras},
	author={Mueggler, Elias and Gallego, Guillermo and Rebecq, Henri and Scaramuzza, Davide},
	journal={IEEE Transactions on Robotics},
	number={99},
	pages={1--16},
	year={2018},
	publisher={IEEE}
}
@article{rebecq2017evo,
	title={Evo: A geometric approach to event-based 6-dof parallel tracking and mapping in real time},
	author={Rebecq, Henri and Horstschaefer, Timo and Gallego, Guillermo and Scaramuzza, Davide},
	journal={IEEE Robotics and Automation Letters},
	volume={2},
	number={2},
	pages={593--600},
	year={2017},
	publisher={IEEE}
}
@article{zhu2018multi,
	title={The Multi Vehicle Stereo Event Camera Dataset: An Event Camera Dataset for 3D Perception},
	author={Zhu, Alex Zihao and Thakur, Dinesh and Ozaslan, Tolga and Pfrommer, Bernd and Kumar, Vijay and Daniilidis, Kostas},
	journal={IEEE Robotics and Automation Letters},
	volume={3},
	number={3},
	pages={2032--2039},
	year={2018},
	publisher={IEEE}
}
@inproceedings{son20174,
	title={4.1 A 640$\times$ 480 dynamic vision sensor with a 9$\mu$m pixel and 300Meps address-event representation},
	author={Son, Bongki and Suh, Yunjae and Kim, Sungho and Jung, Heejae and Kim, Jun-Seok and Shin, Changwoo and Park, Keunju and Lee, Kyoobin and Park, Jinman and Woo, Jooyeon and others},
	booktitle={Solid-State Circuits Conference (ISSCC), 2017 IEEE International},
	pages={66--67},
	year={2017},
	organization={IEEE}
}
@article{lichtsteiner2008128x128,
	title={A 128x128 120 dB 15 mu s latency asynchronous temporal contrast vision sensor},
	author={Lichtsteiner, Patrick and Posch, Christoph and Delbruck, Tobi},
	journal={IEEE journal of solid-state circuits},
	volume={43},
	number={2},
	pages={566--576},
	year={2008},
	publisher={IEEE-INST ELECTRICAL ELECTRONICS ENGINEERS INC 445 HOES LANE, PISCATAWAY, NJ~…}
}
@inproceedings{forster2014svo,
	title={SVO: Fast semi-direct monocular visual odometry},
	author={Forster, Christian and Pizzoli, Matia and Scaramuzza, Davide},
	booktitle={Robotics and Automation (ICRA), 2014 IEEE International Conference on},
	pages={15--22},
	year={2014},
	organization={IEEE}
}
@article{mur2017orb,
	title={Orb-slam2: An open-source slam system for monocular, stereo, and rgb-d cameras},
	author={Mur-Artal, Raul and Tard{\'o}s, Juan D},
	journal={IEEE Transactions on Robotics},
	volume={33},
	number={5},
	pages={1255--1262},
	year={2017},
	publisher={IEEE}
}
@article{lagorce2015asynchronous,
	title={Asynchronous event-based multikernel algorithm for high-speed visual features tracking},
	author={Lagorce, Xavier and Meyer, C{\'e}dric and Ieng, Sio-Hoi and Filliat, David and Benosman, Ryad},
	journal={IEEE transactions on neural networks and learning systems},
	volume={26},
	number={8},
	pages={1710--1720},
	year={2015},
	publisher={IEEE}
}
@article{clady2015asynchronous,
	title={Asynchronous event-based corner detection and matching},
	author={Clady, Xavier and Ieng, Sio-Hoi and Benosman, Ryad},
	journal={Neural Networks},
	volume={66},
	pages={91--106},
	year={2015},
	publisher={Elsevier}
}
@article{vidal2018ultimate,
	title={Ultimate SLAM? Combining Events, Images, and IMU for Robust Visual SLAM in HDR and High-Speed Scenarios},
	author={Vidal, Antoni Rosinol and Rebecq, Henri and Horstschaefer, Timo and Scaramuzza, Davide},
	journal={IEEE Robotics and Automation Letters},
	volume={3},
	number={2},
	pages={994--1001},
	year={2018},
	publisher={IEEE}
}